<?xml version="1.0" encoding="UTF-8"?><record xmlns="http://www.loc.gov/MARC21/slim" xmlns:cinclude="http://apache.org/cocoon/include/1.0" xmlns:zs="http://www.loc.gov/zing/srw/">
  <leader>02138cz  a2200445n  4500</leader>
  <controlfield tag="001">n  86150226 </controlfield>
  <controlfield tag="003">DLC</controlfield>
  <controlfield tag="005">20081018080616.0</controlfield>
  <controlfield tag="008">890221n| acannaabn          |b aaa      </controlfield>
  <datafield tag="010" ind1=" " ind2=" ">
    <subfield code="a">n  86150226 </subfield>
    <subfield code="z">nr 88006074 </subfield>
  </datafield>
  <datafield tag="035" ind1=" " ind2=" ">
    <subfield code="a">(OCoLC)oca02463468</subfield>
  </datafield>
  <datafield tag="040" ind1=" " ind2=" ">
    <subfield code="a">DLC</subfield>
    <subfield code="b">eng</subfield>
    <subfield code="c">DLC</subfield>
    <subfield code="d">DLC</subfield>
    <subfield code="d">DLC-R</subfield>
    <subfield code="d">OCoLC</subfield>
  </datafield>
  <datafield tag="100" ind1="1" ind2=" ">
    <subfield code="a">Horodezky, Samuel A.</subfield>
    <subfield code="q">(Samuel Aba),</subfield>
    <subfield code="d">1871-1957</subfield>
  </datafield>
  <datafield tag="400" ind1="1" ind2=" ">
    <subfield code="w">nna</subfield>
    <subfield code="a">Horodezky, Samuel Aba,</subfield>
    <subfield code="d">1871-1957</subfield>
  </datafield>
  <datafield tag="400" ind1="1" ind2=" ">
    <subfield code="a">Horodezky, S. A.</subfield>
    <subfield code="q">(Samuel Aba),</subfield>
    <subfield code="d">1871-1957</subfield>
  </datafield>
  <datafield tag="400" ind1="1" ind2=" ">
    <subfield code="a">Horodetsḳi, Shemuʼel Aba,</subfield>
    <subfield code="d">1871-1957</subfield>
  </datafield>
  <datafield tag="400" ind1="1" ind2=" ">
    <subfield code="a">Horodetsḳi, Sh. A.</subfield>
    <subfield code="q">(Shemuʼel Aba),</subfield>
    <subfield code="d">1871-1957</subfield>
  </datafield>
  <datafield tag="400" ind1="1" ind2=" ">
    <subfield code="a">Horodecki, Sz. A.,</subfield>
    <subfield code="d">1871-1957</subfield>
  </datafield>
  <datafield tag="400" ind1="1" ind2=" ">
    <subfield code="a">האראדעצקי, שמואל אבא</subfield>
  </datafield>
  <datafield tag="400" ind1="1" ind2=" ">
    <subfield code="a">האראדעצקי, שמואל אבא,</subfield>
    <subfield code="d">1871-1957</subfield>
  </datafield>
  <datafield tag="400" ind1="1" ind2=" ">
    <subfield code="a">האראדעצקי, ש. א.,</subfield>
    <subfield code="d">1871-1957</subfield>
  </datafield>
  <datafield tag="400" ind1="1" ind2=" ">
    <subfield code="a">האראדעצקי, ש.א</subfield>
  </datafield>
  <datafield tag="400" ind1="1" ind2=" ">
    <subfield code="a">הורודזקי, שמואל אבא,</subfield>
    <subfield code="d">1871-1957</subfield>
  </datafield>
  <datafield tag="400" ind1="1" ind2=" ">
    <subfield code="a">הורודצקי, שמואל</subfield>
  </datafield>
  <datafield tag="400" ind1="1" ind2=" ">
    <subfield code="a">הורודצקי, שמואל אבא,</subfield>
    <subfield code="d">1871-1957</subfield>
  </datafield>
  <datafield tag="400" ind1="1" ind2=" ">
    <subfield code="a">הורודצקי, שמואל א.</subfield>
  </datafield>
  <datafield tag="400" ind1="1" ind2=" ">
    <subfield code="a">הורודצקי, שמואל א.</subfield>
    <subfield code="q">(שמואל אבא),</subfield>
    <subfield code="d">1871־1957</subfield>
  </datafield>
  <datafield tag="400" ind1="1" ind2=" ">
    <subfield code="a">הורודצקי, שמואל א.</subfield>
    <subfield code="q">(שמואל אבא),</subfield>
    <subfield code="d">1957־1871</subfield>
  </datafield>
  <datafield tag="400" ind1="1" ind2=" ">
    <subfield code="a">הורודצקי, שמואל</subfield>
    <subfield code="d">1871-1957</subfield>
  </datafield>
  <datafield tag="400" ind1="1" ind2=" ">
    <subfield code="a">הורודצקי, ש. א.</subfield>
  </datafield>
  <datafield tag="400" ind1="1" ind2=" ">
    <subfield code="a">הורודצקי, ש. א.,</subfield>
    <subfield code="d">1871־1957</subfield>
  </datafield>
  <datafield tag="400" ind1="1" ind2=" ">
    <subfield code="a">הורודצקי, ש. א.</subfield>
    <subfield code="q">(שמואל אבא),</subfield>
    <subfield code="d">1871־1957</subfield>
  </datafield>
  <datafield tag="400" ind1="1" ind2=" ">
    <subfield code="a">ש. א. האראדעצקי</subfield>
  </datafield>
  <datafield tag="667" ind1=" " ind2=" ">
    <subfield code="a">Machine-derived non-Latin script reference project.</subfield>
  </datafield>
  <datafield tag="667" ind1=" " ind2=" ">
    <subfield code="a">Non-Latin script references not evaluated.</subfield>
  </datafield>
  <datafield tag="670" ind1=" " ind2=" ">
    <subfield code="a">His Rabbi Nachman von Brazlaw, 1910:</subfield>
    <subfield code="b">t.p. (S.A. Horodezky)</subfield>
  </datafield>
  <datafield tag="670" ind1=" " ind2=" ">
    <subfield code="a">LC data base, 4-17-87</subfield>
    <subfield code="b">(hdg.: Horodezky, Samuel Aba, 1871-1957; usage: Samuel A. Horodezky; Samuel Horodezky; variant: S.A. Horodezky)</subfield>
  </datafield>
  <datafield tag="670" ind1=" " ind2=" ">
    <subfield code="a">Enc. Judaica, 1971</subfield>
    <subfield code="b">(Horodezky, Samuel Abba, 1871-1957)</subfield>
  </datafield>
  <datafield tag="670" ind1=" " ind2=" ">
    <subfield code="a">His Shalosh meʼot shanah shel Yahadut Polin, 1945:</subfield>
    <subfield code="b">t.p. (Sh. A. Horodetsḳi)</subfield>
  </datafield>
  <datafield tag="670" ind1=" " ind2=" ">
    <subfield code="a">Ḥasidizm un zayne firer, 1937:</subfield>
    <subfield code="b">t.p. (Sh. A. Horodetsḳi) t.p. verso (Sz. A. Horodecki [in rom.])</subfield>
  </datafield>
</record>